<?xml version="1.0" encoding="utf-8"?>
<record xmlns="http://www.loc.gov/MARC21/slim" xmlns:xsi="http://www.w3.org/2001/XMLSchema-instance" xsi:schemaLocation="http://www.loc.gov/MARC21/slim http://www.loc.gov/standards/marcxml/schema/MARC21slim.xsd">
	<leader>     nam a22        4500</leader>
	<controlfield tag="001">4890688</controlfield>
	<controlfield tag="003">NNC</controlfield>
	<controlfield tag="006">m        d        </controlfield>
	<controlfield tag="007">cr cn |||m|||a</controlfield>
	<controlfield tag="008">160519m19051907ua      o     000 0 arard</controlfield>
	<datafield ind1=" " ind2=" " tag="040">
		<subfield code="a">NNU</subfield>
		<subfield code="b">eng</subfield>
		<subfield code="e">rda</subfield>
		<subfield code="c">NNU</subfield>
	</datafield>
	<datafield ind1=" " ind2="4" tag="050">
		<subfield code="a">BP136.48</subfield>
		<subfield code="b">.I23 1905</subfield>
	</datafield>
	<datafield ind1="1" ind2=" " tag="100">
		<subfield code="6">880-01</subfield>
		<subfield code="a">Ibn Ḥajar al-ʻAsqalānī, Aḥmad ibn ʻAlī,</subfield>
		<subfield code="d">1372-1449.</subfield>
	</datafield>
	<datafield ind1="1" ind2="0" tag="240">
		<subfield code="6">880-02</subfield>
		<subfield code="a">Iṣābah fī tamyīz al-Ṣaḥābah</subfield>
	</datafield>
	<datafield ind1="1" ind2="0" tag="245">
		<subfield code="6">880-03</subfield>
		<subfield code="a">Kitāb al-iṣābah fī tamyīz al-Ṣaḥābah /</subfield>
		<subfield code="c">taʼlīf Shaykh al-Islām Shihāb al-Dīn Abī al-Faḍl Aḥmad ibn ʻAlī ibn Muḥammad ibn Muḥammad ibn ʻAlī al-Kinānī al-ʻAsqalānī thumma al-Miṣrī al-Shāfiʻī al-maʻrūf bi-Ibn Ḥajar.</subfield>
	</datafield>
	<datafield ind1="3" ind2=" " tag="246">
		<subfield code="6">880-04</subfield>
		<subfield code="a">Iṣābah fī tamyīz al-Ṣaḥābah</subfield>
	</datafield>
	<datafield ind1=" " ind2=" " tag="260">
		<subfield code="6">880-05</subfield>
		<subfield code="a">al-Qāhirah :</subfield>
		<subfield code="b">Maṭbaʻat al-Saʻādah,</subfield>
		<subfield code="c">1323-1325 [1905-1907]</subfield>
	</datafield>
	<datafield ind1=" " ind2=" " tag="300">
		<subfield code="a">online resource (8 volumes)</subfield>
	</datafield>
	<datafield ind1=" " ind2=" " tag="336">
		<subfield code="a">text</subfield>
		<subfield code="2">rdacontent</subfield>
	</datafield>
	<datafield ind1=" " ind2=" " tag="337">
		<subfield code="a">computer</subfield>
		<subfield code="2">rdamedia</subfield>
	</datafield>
	<datafield ind1=" " ind2=" " tag="338">
		<subfield code="a">online resource</subfield>
		<subfield code="2">rdacarrier</subfield>
	</datafield>
	<datafield ind1=" " ind2=" " tag="500">
		<subfield code="a">Imprint, vol. 3-8: al-Matbaʻah al-Sharqīyah.</subfield>
	</datafield>
	<datafield ind1=" " ind2=" " tag="500">
		<subfield code="a">Part of the Arabic Collections Online (ACO) project, contributed by Columbia University Libraries.</subfield>
	</datafield>
	<datafield ind1=" " ind2=" " tag="533">
		<subfield code="a">Electronic reproduction.</subfield>
		<subfield code="b">New York, N.Y. :</subfield>
		<subfield code="c">New York University,</subfield>
		<subfield code="d">2016.</subfield>
		<subfield code="5">NNU</subfield>
	</datafield>
	<datafield ind1=" " ind2="0" tag="650">
		<subfield code="a">Hadith</subfield>
		<subfield code="x">Authorities.</subfield>
	</datafield>
	<datafield ind1=" " ind2="7" tag="650">
		<subfield code="a">Hadith</subfield>
		<subfield code="x">Authorities.</subfield>
		<subfield code="2">fast</subfield>
		<subfield code="0">(OCoLC)fst00950115</subfield>
	</datafield>
	<datafield ind1="2" ind2=" " tag="710">
		<subfield code="a">Columbia University.</subfield>
		<subfield code="b">Libraries.</subfield>
	</datafield>
	<datafield ind1="0" ind2=" " tag="730">
		<subfield code="a">Arabic Collections Online.</subfield>
	</datafield>
	<datafield ind1="0" ind2="8" tag="776">
		<subfield code="i">Online version:</subfield>
		<subfield code="a">Ibn Ḥajar al-ʻAsqalānī, Aḥmad ibn ʻAlī, 1372-1449.</subfield>
		<subfield code="s">Iṣābah fī tamyīz al-Ṣaḥābah.</subfield>
		<subfield code="t">Kitāb al-iṣābah fī tamyīz al-Ṣaḥābah.</subfield>
		<subfield code="d">al-Qāhirah : Maṭbaʻat al-Saʻādah, 1323-1325 [1905-1907]</subfield>
		<subfield code="w">(OCoLC)873421733</subfield>
	</datafield>
	<datafield ind1="0" ind2="8" tag="776">
		<subfield code="i">Print version:</subfield>
		<subfield code="a">Ibn Ḥajar al-ʻAsqalānī, Aḥmad ibn ʻAlī, 1372-1449.</subfield>
		<subfield code="t">Kitāb al-iṣābah fī tamyīz al-Ṣaḥābah</subfield>
		<subfield code="w">(NNC)4890688</subfield>
		<subfield code="w">(OCoLC)28925620</subfield>
	</datafield>
	<datafield ind1="4" ind2="0" tag="856">
		<subfield code="u">http://hdl.handle.net/2333.1/1vhhmksj</subfield>
	</datafield>
	<datafield ind1="1" ind2=" " tag="880">
		<subfield code="6">100-01/r</subfield>
		<subfield code="a">ابن حجر العسقلاني، احمد بن علي،</subfield>
		<subfield code="d">1372-1449.</subfield>
	</datafield>
	<datafield ind1="1" ind2="0" tag="880">
		<subfield code="6">240-02/r</subfield>
		<subfield code="a">اصابة في تمييز الصحابة</subfield>
	</datafield>
	<datafield ind1="1" ind2="0" tag="880">
		<subfield code="6">245-03/r</subfield>
		<subfield code="a">كتاب الاصابة في تمييز الصحابة /</subfield>
		<subfield code="c">تأليف شيخ الاسلام شهاب الدين ابي الفضل احمد بن علي بن محمد بن محمد بن علي الكناني العسقلاني ثم المصري الشافعي المعروف بابن حجر. </subfield>
	</datafield>
	<datafield ind1="3" ind2=" " tag="880">
		<subfield code="6">246-04/r</subfield>
		<subfield code="a">اصابة في تمييز الصحابة</subfield>
	</datafield>
	<datafield ind1=" " ind2=" " tag="880">
		<subfield code="6">260-05/r</subfield>
		<subfield code="a">القاهرة :</subfield>
		<subfield code="b">مطبعة السعادة،</subfield>
		<subfield code="c">1323-1325 [1905-1907]</subfield>
	</datafield>
	<datafield ind1=" " ind2=" " tag="959">
		<subfield code="a">NNU</subfield>
		<subfield code="b">WEB</subfield>
		<subfield code="c">GENI</subfield>
		<subfield code="t">0</subfield>
		<subfield code="m">Electronic access</subfield>
		<subfield code="s">01</subfield>
	</datafield>
	<datafield ind1=" " ind2=" " tag="999">
		<subfield code="i">NNC_4890688</subfield>
		<subfield code="o">(OCoLC)ocm28925620</subfield>
		<subfield code="s">columbia_aco001472:v.1-2</subfield>
		<subfield code="s">columbia_aco001473:v.3-4</subfield>
		<subfield code="s">columbia_aco001474:v.5-6</subfield>
		<subfield code="s">columbia_aco001475:v.7-8</subfield>
		<subfield code="e">(ERROR-880)</subfield>
		<subfield code="s">columbia_aco001472:v.1-2</subfield>
		<subfield code="s">columbia_aco001473:v.3-4</subfield>
		<subfield code="s">columbia_aco001474:v.5-6</subfield>
		<subfield code="s">columbia_aco001475:v.7-8</subfield>
	</datafield>
</record>
